%% Collection of references for CV

% Work in progress
@misc{domestic-food-sec,
  year = {2022},
  title = {{Disaggregated Estimates of US Food Insecurity:
    Measuring Short and Long-Run Food Security Across the US with a New Synthetic Panel Approach}}
}
@misc{uni-funding-incidence,
  year = {2022},
  title = {{Stagnating State Support for Higher Education and the Effect on Faculty Composition}},
  note    = {\url{https://github.com/shoganhennessy/state-faculty-composition}}
}
@misc{rideshare-research,
  year = {2022},
  title = {{The Entire Distribution of Gig Economy Workers' Hours and Earnings using Combined Administrative Data from Multiple Platforms}}
}


% Working Papers
@techreport{senan_hogan_hennessy_2021_4453438,
  author  = {Senan Hogan-Hennessy},
  institution = {Pomona College},
  type    = {Economics Senior Thesis},
  title   = {{The Rise in Returns to Skill?  A Modern Regression Analysis of Wage Inequality in the Current Population Survey}},
  year    = {2018},
  note    = {\url{https://doi.org/10.5281/zenodo.4453438}, see also \url{https://github.com/shoganhennessy/ECON190}}
}


% Publications
%% NONE YET
